<record><leader>00000cas a22000007a 4500</leader><controlfield tag="001">11829374</controlfield><controlfield tag="008">850320d19141917ohudn ne      0    0eng d</controlfield><datafield ind1=" " ind2=" " tag="010"><subfield code="a">sn 85038142 </subfield></datafield><datafield ind1=" " ind2=" " tag="040"><subfield code="a">NPY</subfield><subfield code="b">eng</subfield><subfield code="c">NPY</subfield><subfield code="d">OCLCQ</subfield></datafield><datafield ind1=" " ind2=" " tag="042"><subfield code="a">msc</subfield></datafield><datafield ind1="0" ind2="0" tag="245"><subfield code="a">Daily news-advertiser.</subfield></datafield><datafield ind1=" " ind2=" " tag="260"><subfield code="a">Washington C.H., Ohio :</subfield><subfield code="b">Record Pub. Co.,</subfield><subfield code="c">-1917.</subfield></datafield><datafield ind1=" " ind2=" " tag="300"><subfield code="a">v. :</subfield><subfield code="b">ill. ;</subfield><subfield code="c">57 cm.</subfield></datafield><datafield ind1=" " ind2=" " tag="310"><subfield code="a">Daily (except Sun.)</subfield></datafield><datafield ind1="1" ind2=" " tag="362"><subfield code="a">Began in 1914</subfield><subfield code="z">Cf. Mink, A. Union list of Ohio newspapers, 1946.</subfield></datafield><datafield ind1="0" ind2=" " tag="362"><subfield code="a">-10th year, no. 154 (Mar. 31, 1917).</subfield></datafield><datafield ind1=" " ind2=" " tag="500"><subfield code="a">"Republican." Cf. Gutgesell, S. Guide to Ohio newspapers, 1974.</subfield></datafield><datafield ind1=" " ind2=" " tag="500"><subfield code="a">Editor: J.H. Williams.</subfield></datafield><datafield ind1=" " ind2=" " tag="588"><subfield code="a">Description based on: 10th year, no. 79 (Jan. 3, 1917).</subfield></datafield><datafield ind1="1" ind2=" " tag="700"><subfield code="a">Williams, J. H.</subfield></datafield><datafield ind1=" " ind2=" " tag="752"><subfield code="a">United States</subfield><subfield code="b">Ohio</subfield><subfield code="c">Fayette</subfield><subfield code="d">Washington Court House.</subfield></datafield><datafield ind1="0" ind2="4" tag="780"><subfield code="t">Daily news (Washington Court House, Ohio)</subfield></datafield><datafield ind1="0" ind2="4" tag="780"><subfield code="t">Fayette advertiser (Washington Court House, Ohio)</subfield><subfield code="w">(DLC)sn 85038141</subfield></datafield><datafield ind1="0" ind2="0" tag="785"><subfield code="t">Washington daily news (Washington Court House, Ohio)</subfield><subfield code="w">(DLC)sn 85038143</subfield></datafield></record>